@misc{att_cnn,
title = "Relation Classification via Multi-Level Attention CNNs",
author = {"Linlin Wang and Zhu Cao and Gerard de Melo and Zhiyuan Liu},
year = "2016"
}

@misc{ activations,
title= {Understanding the difficulty of training deep feedforward neural networks},
author = {Xavier Glorot and Yoshua Bengio},
year= {2010}
}


@misc{any_function,
title={Approximation Capabilities of Muitilayer Feedforward Networks},
author={Kurt Hornik},
year={1991},
howpublished={Neural Networks, Vol.4, Pergammon Press}
}

@misc{ace2005,
title={ACE 2005 Multilingual Training Corpus},
author={Christopher Walker and Stephanie Strassel and Julie Medero and Kazuaki Maeda},
howpublished={\url{https://catalog.ldc.upenn.edu/LDC2006T06}},
year={2005}
}

@misc { bunescu2005,
title={A Shortest Path Dependency Kernel for Relation Extraction},
author={Razvan C. Bunescu and Raymond J. Mooney},
year={2005}
}


@misc{cnn_sensory_coding,
title = {Efficient and direct estimation of a nueral subunit model for sensory coding},
author= {Brett Vinch and Andrew D. Zaharia and J. Anthony Movshon and Eero P. Simoncelli},
howpublished = {Neural Information Processing Systems NIPS},
year={2012}
}

@misc{cnn_taxonomy,
title = {A Taxonomy of Deep Convolutional Neural Nets for Computer Vision},
author = {Suraj Srinivas and Ravi Kiran Sarvadevabhatla and Konda Reddy Mopuri,
Nikita Prabhu and Srinivas S. Kruthiventi and R. Venkatesh Babu},
year={2016}
}

@misc{cnn_rank,
title = "Classifying Relations by Ranking with Convolutional Neural Networks",
author = "Cicero Nogueira dos Santos and Bing Xiang and Bowen Zhou",
year = "2015",
}

@misc{collins2001,
title={ Convolution Kernels for Natural Language
},
author={Michael Collins and Nigel Duffy},
year={2001},
note={\url{http://l2r.cs.uiuc.edu/~danr/Teaching/CS598-05/Papers/Collins-kernels.pdf}}    
}

@misc{culotta_re,
    title={Integrating Probabilistic Extraction Models and Data Mining
to Discover Relations and Patterns in Text},
    author={Aron Culotta and Andrew McCallum and Jonathan Betz},
    year = {2006},
    note={\url{http://cs.iit.edu/~culotta/pubs/culotta06integrating.pdf}}
}

@book{dlbook,
    title={Deep Learning},
    author={Ian Goodfellow and Yoshua Bengio and Aaron Courville},
    publisher={MIT Press},
    note={\url{http://www.deeplearningbook.org}},
    year={2016}
}

@book {
    dmbook,
    title = "Data Mining: Concepts and Techniques",
    author = {Jiawei Han and Micheline Kamber and Jian Pei},
    year = "2000",
    publisher = "Morgan Kaufmann"
}

@misc{dropout,
title={Dropout: A Simple Way to Prevent Neural Networks from
Overfitting},
author={Nitish Srivastava and Geoffrey Hinton and Alex Krizhevsky and Ilya Sutskever and Ruslan Salakhutdinov},
year="2014"
}

@misc { freund1999,
title={Large Margin Classification
Using the Perceptron Algorithm},
author={Yoav Freund and Robert E. Schapre},
year={1999}
}
    
}

@misc{idsa,
title = "RECURRENT NEURAL NETWORKS",
author = "Jürgen Schmidhuber",
howpublished = {\url{http://people.idsia.ch/~juergen/rnn.html}},
note= {Accessed: 04-01-2017} ,
year={2017}   
}

@misc{keras,
title={Keras: Deep learning library for Theano and Tensorflow},
author={Keras Dev Team},
note={\url{https://keras.io/}},
year={2016}
}

@misc { lodhi2002,
title={Text Classification using String Kernels,
},
author={Huma Lodhi and Craig Saunders and John Shawe-Taylor and Nello Cristianini and Chris Watkins
},
year={2002
}
}

@misc { med_re,
title={Development of a benchmark corpus to support the automatic extraction of drug-related adverse effects from medical case reports},
author={Harsha Gurulingappa and Abdul Mateen Rajputc and Angus Robertsd and Juliane Flucka and Martin Hofmann-Apitiusa and  Luca Toldoc},
year={2012},
note={\url{http://www.sciencedirect.com/science/article/pii/S1532046412000615}}
}

@misc { qian2008,
title={Exploiting Constituent Dependencies for Tree Kernel-based Semantic Relation Extraction},
author={Longhua Qian and Guodong Zhou and Fang Kong and Qiaoming Zhu and Peide Qian
},
year={2008
}
    
}

@misc{re_lstm,
title = "End-to-End Relation Extraction using LSTMs on Sequences and Tree Structures",
author = "Makoto Miwa and Mohit Bansal",
year = "2016"
}
@misc{re_cnn,
title = "Relation Extraction: Perspective from Convolutional Neural Networks",
author = "Thien Huu Nguyen and Ralph Grishman",
year = "2015"
}

@misc{re_survey,
title={A Review of Relation Extraction},
author = {Nguyen Bach and Sameer Badaskar},
note={\url{http://www.cs.cmu.edu/~nbach/papers/A-survey-on-Relation-Extraction.pdf}}
}

@misc{semeval2007,
title={SemEval-2007 Task 04: Classification of Semantic Relations between Nominals,
},
author={Roxana Girju and Preslav Nakov and Vivi Nastase and Stan Szpakowicz and 
Peter Turney and Deniz Yuret},
year ={2007}
}

@misc{semeval2010,
title={SemEval-2010 Task 8: Multi-Way Classification
of Semantic Relations Between Pairs of Nominals
},
author={Iris Hendrickx and Su Nam Kim and Zornitsa Kozareva and Preslav Nakov and Diarmuid O Seaghdha and Sebastian Pado and Marco Pennacchiotti and Lorenza Romano†† and Stan Szpakowicz},
year={2010}    
}

@misc{semevalSVM,
title={UTD: Classifying Semantic Relations by Combining
Lexical and Semantic Resources},
author={Bryan Rink and Sanda Harabagiu
},
year={2011}
    
}

@misc { subsequence_kernel,
title={Subsequence Kernels for Relation Extraction
},
author={Razvan C. Bunescu and Raymond J. Mooney}
},
year={2006}
    
}

@misc{skipgram,
title={Efficient Estimation of Word Representations in Vector Space},
author={Tomas Mikolov and Kai Chen and Greg Corrado and Jeffrey Dean},
note={\url{https://arxiv.org/pdf/1301.3781.pdf}},
year={2013}
}

@misc{tensorflow,
title={Tensorflow: An open-source software library for Machine Intelligence},
author={"Google Inc."},
note={\url{https://www.tensorflow.org/}},
year={2016}
}

@book {semisupervised_book,
title={Semisupervised Learning for Computational Linguistics},
author={Steven Abney},
publisher={Chapman and Hall/CRC Computer Science and Data Analysis Series 8. CRC Press},
year={2007}
}

    
@misc{visual_rep_brain,
title={Invariant visual representation by single neurons in
the human brain},
author={R. Quian Quiroga and L. Reddy and G. Kreiman and C. Koch and I. Fried},
howpublished={Nature},
year={2005}
}

@misc { zelenko2003,
    title={Kernel Methods for Relation Extraction},
    author={Dmitry Zelenko and Chinatsu Aone and Anthony Richardella},
    year={2003}

}

@misc { zeng2014,
    title={Relation Classification via Convolutional Deep Neural Network},
    author={Daojian Zeng and Kang Liu and Siwei Lai and Guangyou Zhou and Jun Zhao},
    year={2014}
    
}

@misc { zhou2007,
    title={Tree Kernel-based Relation Extraction with Context-Sensitive Structured Parse Tree Information},
    author={GuoDong Zhou and Min Zhang and Dong Hong Ji and Qiao Ming Zhu},
    year={2007}
    
}




