@misc{att_cnn,
title = "Relation Classification via Multi-Level Attention CNNs",
author = "Linlin Wang, Zhu Cao1, Gerard de Melo, Zhiyuan Liu",
year = "2016",
}
@misc{re_lstm,
title = "End-to-End Relation Extraction using LSTMs on Sequences and Tree Structures",
author = "Makoto Miwa and Mohit Bansal",
year = "2016",
}
@misc{re_cnn,
title = "Relation Extraction: Perspective from Convolutional Neural Networks",
author = "Thien Huu Nguyen and Ralph Grishman",
year = "2015",
}
@misc{cnn_rank,
title = "Classifying Relations by Ranking with Convolutional Neural Networks",
author = "C ́ıcero Nogueira dos Santos, Bing Xiang, Bowen Zhou",
year = "2015",
}

@book {
    dmbook,
    title = "Data Mining: Concepts and Techniques",
    author = "Jiawei Han, Micheline Kamber, Jian Pei,
    year = "2000",
    publisher = "Morgan Kaufmann"
}

@misc {
    hypothesis,
    title = "Hypothesis Documentation",
    author = "David R. MacIver",
    year = "2015",
    url = "https://hypothesis.readthedocs.io/en/latest/"
}


