@FIG { cnn_fig,
    main = {Relation Classification with Neural Networks},
    file = {figs/cnn},
    source = {Kim, Yoon. "Convolutional Neural Networks for Sentence Classification, 2014"}    

}

@FIG { gantt,
    main = {Gantt Chart for Thesis},
    file = {figs/graph},
    source = {Magnus Stahl}    

}

