@misc{att_cnn,
title = "Relation Classification via Multi-Level Attention CNNs",
author = {"Linlin Wang and Zhu Cao and Gerard de Melo and Zhiyuan Liu},
year = "2016",
}

@misc{idsa,
title = "RECURRENT NEURAL NETWORKS",
author = "JÃ¼rgen Schmidhuber",
howpublished = {\url{http://people.idsia.ch/~juergen/rnn.html}},
note= {Accessed: 04-01-2017}    
}


@book{dlbook,
    title={Deep Learning},
    author={Ian Goodfellow and Yoshua Bengio and Aaron Courville},
    publisher={MIT Press},
    note={\url{http://www.deeplearningbook.org}},
    year={2016}
}

@misc{udacity,
    title={Deep Learning Course by Google},
    author={Google},
    publisher={Udacity},
    note={\url{https://www.udacity.com/course/deep-learning--ud730}},
    year={2016}
}


@misc{skipgram,
title={Efficient Estimation of Word Representations in Vector Space},
author={Tomas Mikolov and Kai Chen and Greg Corrado and Jeffrey Dean},
note={\url{https://arxiv.org/pdf/1301.3781.pdf}},
year={2013}
}

@misc{keras,
title={Keras: Deep learning library for Theano and Tensorflow},
author={Keras Dev Team},
note={\url{https://keras.io/}},
year={2016}
}

@misc{tensorflow,
title={Tensorflow: An open-source software library for Machine Intelligence},
author={"Google Inc."},
note={\url{https://www.tensorflow.org/}},
year={2016}
}

@misc{dropout,
title={Dropout: A Simple Way to Prevent Neural Networks from
Overfitting},
author={Nitish Srivastava and Geoffrey Hinton and Alex Krizhevsky and Ilya Sutskever and Ruslan Salakhutdinov},
year="2014"
}

@misc{re_lstm,
title = "End-to-End Relation Extraction using LSTMs on Sequences and Tree Structures",
author = "Makoto Miwa and Mohit Bansal",
year = "2016",
}
@misc{re_cnn,
title = "Relation Extraction: Perspective from Convolutional Neural Networks",
author = "Thien Huu Nguyen and Ralph Grishman",
year = "2015",
}
@misc{cnn_rank,
title = "Classifying Relations by Ranking with Convolutional Neural Networks",
author = "Cicero Nogueira dos Santos and Bing Xiang and Bowen Zhou",
year = "2015",
}

@book {
    dmbook,
    title = "Data Mining: Concepts and Techniques",
    author = {Jiawei Han and Micheline Kamber and Jian Pei},
    year = "2000",
    publisher = "Morgan Kaufmann"
}


